@article{jungk_bhasin_2017, title={Dont fall into a trap: Physical side-channel analysis of ChaCha20-Poly1305}, DOI={10.23919/date.2017.7927155}, journal={Design, Automation \& Test in Europe Conference \& Exhibition (DATE), 2017}, author={Jungk, Bernhard and Bhasin, Shivam}, year={2017}}
@article{adomnicai_fournier_masson_2017, title={Bricklayer Attack: A Side-Channel Analysis on the ChaCha Quarter Round}, DOI={10.1007/978-3-319-71667-1_4}, journal={Lecture Notes in Computer Science Progress in Cryptology – INDOCRYPT 2017}, author={Adomnicai, Alexandre and Fournier, Jacques J. A. and Masson, Laurent}, year={2017}, pages={65–84}}
